<collection xmlns="http://www.loc.gov/MARC21/slim"><record><leader>00791nam  2200265   450</leader><controlfield tag="001">444</controlfield><controlfield tag="003">http://montalegre.opacnet.com/OPAC/default.aspx?ContentAreaControl=ShowRegHoldings.ascx&amp;RegNo=16662</controlfield><datafield tag="010" ind1=" " ind2=" "><subfield code="a">972-41-1273-X</subfield></datafield><datafield tag="021" ind1=" " ind2=" "><subfield code="a">PT</subfield><subfield code="b">63827/93</subfield></datafield><datafield tag="095" ind1=" " ind2=" "><subfield code="a">PTBN00467551</subfield></datafield><datafield tag="100" ind1=" " ind2=" "><subfield code="a">19930629d1993    m  y0pory010305  ba</subfield></datafield><datafield tag="101" ind1="1" ind2=" "><subfield code="a">por</subfield><subfield code="c">ger</subfield></datafield><datafield tag="102" ind1=" " ind2=" "><subfield code="a">PT</subfield></datafield><datafield tag="105" ind1=" " ind2=" "><subfield code="a">y   z   000ay</subfield></datafield><datafield tag="106" ind1=" " ind2=" "><subfield code="a">r</subfield></datafield><datafield tag="200" ind1="1" ind2=" "><subfield code="a">&lt;O &gt;homem do animatógrafo</subfield><subfield code="f">Gert Hofmann</subfield><subfield code="g">trad. Paulo Osório de Castro</subfield></datafield><datafield tag="205" ind1=" " ind2=" "><subfield code="a">1ª ed</subfield></datafield><datafield tag="210" ind1=" " ind2=" "><subfield code="a">Porto</subfield><subfield code="c">Asa</subfield><subfield code="d">1993</subfield></datafield><datafield tag="215" ind1=" " ind2=" "><subfield code="a">318, [2] p.</subfield><subfield code="d">21 cm</subfield></datafield><datafield tag="225" ind1="2" ind2=" "><subfield code="a">Letras do mundo</subfield><subfield code="v">17)</subfield></datafield><datafield tag="304" ind1=" " ind2=" "><subfield code="a">Tít. orig. : Der kinoerzähler</subfield></datafield><datafield tag="675" ind1=" " ind2=" "><subfield code="a">830-31"19"</subfield><subfield code="v">BN</subfield><subfield code="z">por</subfield></datafield><datafield tag="700" ind1=" " ind2="1"><subfield code="a">Hofmann</subfield><subfield code="b">Gert</subfield><subfield code="f">1932-1993</subfield></datafield><datafield tag="702" ind1=" " ind2="1"><subfield code="a">Castro</subfield><subfield code="b">Paulo Osório de</subfield><subfield code="4">730</subfield></datafield><datafield tag="801" ind1=" " ind2="0"><subfield code="a">PT</subfield><subfield code="b">Biblioteca Municipal de Montalegre</subfield><subfield code="g">RPC</subfield></datafield><datafield tag="909" ind1="&#9;" ind2=" "><subfield code="a">1</subfield></datafield><datafield tag="966" ind1=" " ind2=" "><subfield code="a">0008825</subfield><subfield code="l">BMM</subfield><subfield code="s">SCG 821 HOF hom</subfield></datafield></record></collection>